%% This BibTeX bibliography file was created using BibDesk.
%% http://bibdesk.sourceforge.net/


%% Created for JÃ¼rgen Umbrich at 2014-11-07 09:12:59 +0100 


%% Saved with string encoding Unicode (UTF-8) 



@inproceedings{ermilov:2013aa,
	Author = {Ivan Ermilov and S{\"{o}}ren Auer and Claus Stadler},
	Bibsource = {dblp computer science bibliography, http://dblp.org},
	Biburl = {http://dblp.uni-trier.de/rec/bib/conf/i-semantics/ErmilovAS13},
	Booktitle = {{I-SEMANTICS} 2013 - 9th International Conference on Semantic Systems, {ISEM} '13, Graz, Austria, September 4-6, 2013},
	Crossref = {:2013aa},
	Date-Added = {2014-11-06 09:29:06 +0000},
	Date-Modified = {2014-11-06 09:29:16 +0000},
	Doi = {10.1145/2506182.2506196},
	Pages = {105--112},
	Timestamp = {Thu, 06 Nov 2014 10:29:01 +0100},
	Title = {User-driven semantic mapping of tabular data},
	Url = {http://doi.acm.org/10.1145/2506182.2506196},
	Year = {2013},
	Bdsk-Url-1 = {http://doi.acm.org/10.1145/2506182.2506196},
	Bdsk-Url-2 = {http://dx.doi.org/10.1145/2506182.2506196}}

@proceedings{:2013aa,
	Bibsource = {dblp computer science bibliography, http://dblp.org},
	Biburl = {http://dblp.uni-trier.de/rec/bib/conf/i-semantics/2013},
	Date-Added = {2014-11-06 09:29:06 +0000},
	Date-Modified = {2014-11-06 09:29:16 +0000},
	Editor = {Marta Sabou and Eva Blomqvist and Tommaso Di Noia and Harald Sack and Tassilo Pellegrini},
	Isbn = {978-1-4503-1972-0},
	Publisher = {{ACM}},
	Timestamp = {Thu, 06 Nov 2014 10:29:01 +0100},
	Title = {{I-SEMANTICS} 2013 - 9th International Conference on Semantic Systems, {ISEM} '13, Graz, Austria, September 4-6, 2013},
	Url = {http://dl.acm.org/citation.cfm?id=2506182},
	Year = {2013},
	Bdsk-Url-1 = {http://dl.acm.org/citation.cfm?id=2506182}}
